@InProceedings{EgoThird,
  author = 	 "Arlt ,H.C and  Krause, K.",
  booktitle =    "Fortgeschrittene-Mensch-Maschine Interaktion",
  title =  {{Entwicklung und Analyse von Ego- und Thirdperson Steuerungsmethoden eines 3D Charakters mit Hilfe der Kinect Hardware und Unity 3D}},
  organization = "Technische Hochschule Mittelhessen",
  year = 	 "2011"
}

@inproceedings {FPSControl,
author	=	"Gerling, K.M. and Klauser,  M. and Niesenhaus, J.",
title	=	{Measuring the Impact of Game Controllers on Player Experience in FPS Games},
booktitle	=	{MindTrek 2011},
year	=	{2011},
address	=	{Tampere, Finland}
}

@InProceedings{KineSpell,
  author = 	 "Sale, R.A. and Dimaiwat, M. and  Solamo, M.R. and  Feria, R.",
  booktitle =        "Human-Centric Computing (HumanCom), 2010",
  title =  {{KineSpell 2:Acceptability Test of Wii Remote as aController of an Educational Game}},
  organization = "HumanCom",
  year = 	 "2010"
}

@InProceedings{FAAST,
  author = 	 "Suma, E.A. and Lange, B. and Rizzo, A. and Krum, D.M. and Bolas, M.",
  booktitle =        "",
  title =  {{FAAST: The Flexible Action and Articulated Skeleton Toolkit}},
  organization = "IEEE Virtual Reality Conference",
  year = 	 "2011",
  pages =      "247-248"
}

@InProceedings{Per1,
  author = 	 "Sebastian, J.  and Ai, Z. and Decker, J.W. ",
  booktitle =        "",
  title =  {{Performance measurements for the Microsoft Kinect skeleton}},
  organization = "IEEE Virtual Reality",
  year = 	 "2012",
  pages = "119-120"
}

@InProceedings{Per2,
  author = 	 "Raptis, M.  and Kirovski, D.  and Hoppe,H.",
  booktitle =        "",
  title =  {{Real-Time Classification of Dance Gestures from Skeleton Animation}},
  organization =  "ACM SIGGRAPH/Eurographics symposium on Computer animation",
  year = 	 "2011"
}

@Misc{Gundam,
  author = 	 "Lasorne, F.  and Guyon,N.  and Wan,S. ",
  title =  {{Gundam Kinect}},
  year = 	 "2011"
}

@Book{UnityGold,
  author = 	 "Goldstone, W.",
  title =  {{Unity Game Development Essentials}},
  publisher = "Packt Publishing",
  year = 	 "2009",
  isbn = {{978-1-847198-18-1}},
  address = "Birmingham, UK"
}