@article{wu2012classification,
  title={Classification accuracies of physical activities using smartphone motion sensors},
  author={Wu, Wanmin and Dasgupta, Sanjoy and Ramirez, Ernesto E and Peterson, Carlyn and Norman, Gregory J},
  journal={Journal of medical Internet research},
  volume={14},
  number={5},
  pages={e130},
  year={2012},
  publisher={JMIR Publications Inc., Toronto, Canada}
}

@misc{freeflightapp,
	title 		= "FreeFlight {A}pp",
	howpublished= "\url{https://play.google.com/store/apps/details?id=com.parrot.freeflight3&hl=de}",
	note 		= "[Stand:September 2016]"
	}
}

@misc{sonyflight,
	title 		= "Smarteyeglass und Smartwatch",
	howpublished= "\url{http://developer.sonymobile.com/2015/01/05/control-a-mini-drone-with-smarteyeglass/-and-smartwatch-2tutorial/}",
	note 		= "[Stand:September 2016]"
	}
}

@misc{minidrone,
	title 		= "Parrot {A}irborne {N}ight {M}inidrone",
	howpublished= "\url{https://www.parrot.com/de/minidrohnen/parrot-airborne-night-maclane#parrot-airborne-night-maclane}",
	note 		= "[Stand:September 2016]"
	}
}

@misc{flypad,
	title 		= "Parrot {F}lypad",
	howpublished= "\url{https://www.parrot.com/de/zubehor/minidrohnen/parrot-flypad#parrot-flypad}",
	note 		= "[Stand:September 2016]"
	}
}
